@article{SUAREZ2021300,
title = {A tutorial on distance metric learning: Mathematical foundations, algorithms, experimental analysis, prospects and challenges},
journal = {Neurocomputing},
volume = {425},
pages = {300-322},
year = {2021},
issn = {0925-2312},
doi = {https://doi.org/10.1016/j.neucom.2020.08.017},
url = {https://www.sciencedirect.com/science/article/pii/S0925231220312777},
author = {Juan Luis Suarez and Salvador Garcia and Francisco Herrera},
}


@article{GUNNARSSON2021292,
title = {Deep learning for credit scoring: Do or don’t?},
journal = {European Journal of Operational Research},
volume = {295},
number = {1},
pages = {292-305},
year = {2021},
issn = {0377-2217},
doi = {https://doi.org/10.1016/j.ejor.2021.03.006},
url = {https://www.sciencedirect.com/science/article/pii/S037722172100196X},
author = {Bjorn Rafn Gunnarsson and Seppe {vanden Broucke} and Bart Baesens and Maria Oskarsdottir and Wilfried Lemahieu},
}

@article{STAPOR2021107219,
title = {How to design the fair experimental classifier evaluation},
journal = {Applied Soft Computing},
volume = {104},
pages = {107219},
year = {2021},
issn = {1568-4946},
doi = {https://doi.org/10.1016/j.asoc.2021.107219},
url = {https://www.sciencedirect.com/science/article/pii/S1568494621001423},
author = {Katarzyna Stapor and Pawel Ksieniewicz and Salvador Garcia and Michal Wozniak},
}

@ARTICLE{7581018,
  author={Yu, Zhiwen and Wang, Zhiqiang and You, Jane and Zhang, Jun and Liu, Jiming and Wong, Hau-San and Han, Guoqiang},
  journal={IEEE Transactions on Cybernetics}, 
  title={A New Kind of Nonparametric Test for Statistical Comparison of Multiple Classifiers Over Multiple Datasets}, 
  year={2017},
  volume={47},
  number={12},
  pages={4418-4431},
  doi={10.1109/TCYB.2016.2611020}
  }

@article{bradley1952rank,
  title={Rank analysis of incomplete block designs: {I.} The method of paired comparisons},
  author={Bradley, Ralph Allan and Terry, Milton E},
  journal={Biometrika},
  volume={39},
  number={3/4},
  pages={324--345},
  year={1952},
}

@article{rao1967ties,
  title={Ties in paired-comparison experiments: A generalization of the {Bradley-Terry} model},
  author={Rao, PV and Kupper, Lawrence L},
  journal={Journal of the American Statistical Association},
  volume={62},
  number={317},
  pages={194--204},
  year={1967},
  publisher={Taylor \& Francis}
}

@article{davidson1970extending,
  title={On extending the {Bradley-Terry} model to accommodate ties in paired comparison experiments},
  author={Davidson, Roger R},
  journal={Journal of the American Statistical Association},
  volume={65},
  number={329},
  pages={317--328},
  year={1970},
  publisher={Taylor \& Francis}
}

@article{rossi2011short,
  title={A short introduction to preferences: between artificial intelligence and social choice},
  author={Rossi, Francesca and Venable, Kristen Brent and Walsh, Toby},
  journal={Synthesis Lectures on Artificial Intelligence and Machine Learning},
  volume={5},
  number={4},
  pages={1--102},
  year={2011},
  publisher={Morgan \& Claypool Publishers}
}

@article{lin2010rank,
  title={Rank aggregation methods},
  author={Lin, Shili},
  journal={Wiley Interdisciplinary Reviews: Computational Statistics},
  volume={2},
  number={5},
  pages={555--570},
  year={2010},
  publisher={Wiley Online Library}
}

@article{kosmopoulos2015evaluation,
  title={Evaluation measures for hierarchical classification: a unified view and novel approaches},
  author={Kosmopoulos, Aris and Partalas, Ioannis and Gaussier, Eric and Paliouras, Georgios and Androutsopoulos, Ion},
  journal={Data Mining and Knowledge Discovery},
  volume={29},
  number={3},
  pages={820--865},
  year={2015},
  publisher={Springer}
}

@article{6471714,
  author={Zhang, Min-Ling and Zhou, Zhi-Hua},
  journal={IEEE Transactions on Knowledge and Data Engineering}, 
  title={A Review on Multi-Label Learning Algorithms}, 
  year={2014},
  volume={26},
  number={8},
  pages={1819-1837},
  doi={10.1109/TKDE.2013.39}}

@article{garcia2008extension,
  title={An Extension on {"Statistical Comparisons of Classifiers over Multiple Data Sets"} for all Pairwise Comparisons.},
  author={Garcia, Salvador and Herrera, Francisco},
  journal={Journal of Machine Learning Research},
  volume={9},
  number={12},
  year={2008}
}

@article{garcia2010advanced,
  title={Advanced nonparametric tests for multiple comparisons in the design of experiments in computational intelligence and data mining: Experimental analysis of power},
  author={Garcia, Salvador and Fernandez, Alberto and Luengo, Julian and Herrera, Francisco},
  journal={Information Sciences},
  volume={180},
  number={10},
  pages={2044--2064},
  year={2010},
  publisher={Elsevier}
}


@article{benavoli2016should,
  title={Should we really use post-hoc tests based on mean-ranks?},
  author={Benavoli, Alessio and Corani, Giorgio and Mangili, Francesca},
  journal={Journal of Machine Learning Research},
  volume={17},
  number={1},
  pages={152--161},
  year={2016},
  publisher={JMLR. org}
}


@article{farcomeni2008review,
  title={A review of modern multiple hypothesis testing, with particular attention to the false discovery proportion},
  author={Farcomeni, Alessio},
  journal={Statistical Methods in Medical Research},
  volume={17},
  number={4},
  pages={347--388},
  year={2008},
  publisher={SAGE Publications Sage UK: London, England}
}

@article{feise2002multiple,
  title={Do multiple outcome measures require p-value adjustment?},
  author={Feise, Ronald J},
  journal={BMC Medical Research Methodology},
  volume={2},
  number={1},
  pages={1--4},
  year={2002},
  publisher={Springer}
}

@article{althouse2016adjust,
  title={Adjust for multiple comparisons? It’s not that simple},
  author={Althouse, Andrew D},
  journal={The Annals of Thoracic Surgery},
  volume={101},
  number={5},
  pages={1644--1645},
  year={2016},
  publisher={Elsevier}
}

@article{rothman1990no,
  title={No adjustments are needed for multiple comparisons},
  author={Rothman, Kenneth J},
  journal={Epidemiology},
  pages={43--46},
  year={1990},
  publisher={JSTOR}
}

@article{bender2001adjusting,
  title={Adjusting for multiple testing—when and how?},
  author={Bender, Ralf and Lange, Stefan},
  journal={Journal of Clinical Epidemiology},
  volume={54},
  number={4},
  pages={343--349},
  year={2001},
  publisher={Elsevier}
}

@article{benavoli2017time,
  title={Time for a change: a tutorial for comparing multiple classifiers through {Bayesian} analysis},
  author={Benavoli, Alessio and Corani, Giorgio and Demsar, Janez and Zaffalon, Marco},
  journal={Journal of Machine Learning Research},
  volume={18},
  number={1},
  pages={2653--2688},
  year={2017},
  publisher={JMLR. org}
}

@article{corani2017statistical,
  title={Statistical comparison of classifiers through {Bayesian} hierarchical modelling},
  author={Corani, Giorgio and Benavoli, Alessio and Demsar, Janez and Mangili, Francesca and Zaffalon, Marco},
  journal={Machine Learning}, 
  volume={106},
  number={11},
  pages={1817--1837},
  year={2017},
  publisher={Springer}
}


@inproceedings{kohavi1996bias,
  title={Bias plus variance decomposition for zero-one loss functions},
  author={Kohavi, Ron and Wolpert, David H and others},
  booktitle={ICML},
  volume={96},
  pages={275--83},
  year={1996}
}

@article{demsar,
  title={Statistical comparisons of classifiers over multiple data sets},
  author={Demsar, Janez},
  journal={Journal of Machine Learning Research},
  volume={7},
  pages={1--30},
  year={2006},
  publisher={JMLR. org}
}


@article{sypka2019dynamic,
  title={Dynamic real-time volumetric correction for tipping-bucket rain gauges},
  author={Sypka, Przemyslaw},
  journal={Agricultural and Forest Meteorology},
  volume={271},
  pages={158--167},
  year={2019},
  publisher={Elsevier}
}

@article{tian2018relationship,
  title={Relationship between Omnibus and Post-hoc Tests: An Investigation of performance of the {F} test in {ANOVA}},
  author={Tian, CHEN and Manfei, XU and Justin, TU and Hongyue, WANG and Xiaohui, NIU},
  journal={Shanghai Archives of Psychiatry},
  volume={30},
  number={1},
  pages={60},
  year={2018},
  publisher={Shanghai Mental Health Center}
}


@inproceedings{oliver2018realistic,
  title={Realistic evaluation of deep semi-supervised learning algorithms},
  author={Oliver, Avital and Odena, Augustus and Raffel, Colin and Cubuk, Ekin D and Goodfellow, Ian J},
  booktitle={Proceedings of the 32nd International Conference on Neural Information Processing Systems},
  pages={3239--3250},
  year={2018}
}

@article{berry1999bayesian,
  title={Bayesian perspectives on multiple comparisons},
  author={Berry, Donald A and Hochberg, Yosef},
  journal={Journal of Statistical Planning and Inference},
  volume={82},
  number={1-2},
  pages={215--227},
  year={1999},
  publisher={Elsevier}
}


@article{ke2017lightgbm,
  title={Lightgbm: A highly efficient gradient boosting decision tree},
  author={Ke, Guolin and Meng, Qi and Finley, Thomas and Wang, Taifeng and Chen, Wei and Ma, Weidong and Ye, Qiwei and Liu, Tie-Yan},
  journal={Advances in Neural Information Processing Systems},
  volume={30},
  year={2017}
}


@inproceedings{Chen:2016:XST:2939672.2939785, 
 author = {Chen, Tianqi and Guestrin, Carlos}, 
 title = {{XGBoost}: A Scalable Tree Boosting System}, 
 booktitle = {Proceedings of the 22nd ACM SIGKDD International Conference on Knowledge Discovery and Data Mining}, 
 series = {KDD '16}, 
 year = {2016}, 
 isbn = {978-1-4503-4232-2}, 
 location = {San Francisco, California, USA}, 
 pages = {785--794}, 
 numpages = {10}, 
 url = {http://doi.acm.org/10.1145/2939672.2939785}, 
 doi = {10.1145/2939672.2939785}, 
 acmid = {2939785}, 
 publisher = {ACM}, 
 address = {New York, NY, USA}, 
 keywords = {large-scale machine learning}, 
}

@article{scikit-learn,
 title={Scikit-learn: Machine Learning in {P}ython},
 author={Pedregosa, Fabian and Varoquaux, Gael and Gramfort, Alexandre and Michel, Vincent
         and Thirion, Bertrand and Grisel, Olivier and Blondel, Mathieu and Prettenhofer, Peter
         and Weiss, Ron and Dubourg, Vincent and Vanderplas, Jake and Passos, Alexandre and
         Cournapeau, David and Brucher, Matthieu and Perrot, Matthieu and Duchesnay, Edouard},
 journal={Journal of Machine Learning Research},
 volume={12},
 pages={2825--2830},
 year={2011}
}

@article{Olson2017PMLB,
    author="Olson, Randal S. and La Cava, William and Orzechowski, Patryk and Urbanowicz, Ryan J. and Moore, Jason H.",
    title="{PMLB:} a large benchmark suite for machine learning evaluation and comparison",
    journal={BioData Mining},
    year="2017",
    month="Dec",
    day="11",
    volume="10",
    number="36",
    pages="1--13",
    issn="1756-0381",
    doi="10.1186/s13040-017-0154-4",
    url="https://doi.org/10.1186/s13040-017-0154-4"
}

@article{wang2021comparing,
  title={Comparing hundreds of machine learning classifiers and discrete choice models in predicting travel behavior: an empirical benchmark},
  author={Wang, Shenhao and Mo, Baichuan and Hess, Stephane and Zhao, Jinhua},
  journal={arXiv preprint arXiv:2102.01130},
  year={2021}
}

@article{fernandez2014we,
  title={Do we need hundreds of classifiers to solve real world classification problems?},
  author={Fernandez-Delgado, Manuel and Cernadas, Eva and Barro, Senen and Amorim, Dinani},
  journal={Journal of Machine Learning Research},
  volume={15},
  number={1},
  pages={3133--3181},
  year={2014},
  publisher={JMLR. org}
}


@article{wainer2021tune,
  title={How to tune the {RBF SVM} hyperparameters? {An} empirical evaluation of 18 search algorithms},
  author={Wainer, Jacques and Fonseca, Pablo},
  journal={Artificial Intelligence Review},
  volume={54},
  number={6},
  pages={4771--4797},
  year={2021},
  publisher={Springer}
}

@article{alcala2011keel,
  title={Keel data-mining software tool: data set repository, integration of algorithms and experimental analysis framework.},
  author={Alcala-Fdez, Jesus and Fernandez, Alberto and Luengo, Julian and Derrac, Joaquin and Garcia, Salvador and Sanchez, Luciano and Herrera, Francisco},
  journal={Journal of Multiple-Valued Logic \& Soft Computing},
  volume={17},
  year={2011},
}

@article{oml-benchmarking-suites,
      title={{OpenML Benchmarking Suites}}, 
      author={Bernd Bischl and Giuseppe Casalicchio and Matthias Feurer and Frank Hutter and Michel Lang and Rafael G. Mantovani and Jan N. van Rijn and Joaquin Vanschoren},
      year={2019},
      journal={arXiv:1708.03731v2 [stat.ML]}
}

@article{WAINER2021115222,
title = {Nested cross-validation when selecting classifiers is overzealous for most practical applications},
journal = {Expert Systems with Applications},
volume = {182},
pages = {115222},
year = {2021},
issn = {0957-4174},
author = {Jacques Wainer and Gavin Cawley},
}

@misc{wainer2016,
  doi = {10.48550/ARXIV.1606.00930},
   url = {https://arxiv.org/abs/1606.00930},
  author = {Wainer, Jacques},
    title = {Comparison of 14 different families of classification algorithms on 115 binary datasets},
   publisher = {arXiv},
   year = {2016},
   copyright = {arXiv.org perpetual, non-exclusive license}
}

@article{Cowles96markovchain,
    author = {Mary Kathryn Cowles and Bradley P. Carlin},
    title = {{Markov Chain Monte Carlo} Convergence Diagnostics: A Comparative Review},
    journal = {Journal of the American Statistical Association},
    year = {1996},
    volume = {91},
    pages = {883--904}
}

@misc{mcmcdiag,
  doi = {10.48550/ARXIV.1909.11827},
  url = {https://arxiv.org/abs/1909.11827},
  author = {Roy, Vivekananda},
  title = {Convergence diagnostics for {Markov chain Monte Carlo}},
  publisher = {arXiv},
  year = {2019},
}

@article{lemoine2019moving,
  title={Moving beyond noninformative priors: why and how to choose weakly informative priors in {Bayesian} analyses},
  author={Lemoine, Nathan P},
  journal={Oikos},
  volume={128},
  number={7},
  pages={912--928},
  year={2019},
  publisher={Wiley Online Library}
}

@article{gelman2017prior,
  title={The prior can often only be understood in the context of the likelihood},
  author={Gelman, Andrew and Simpson, Daniel and Betancourt, Michael},
  journal={Entropy},
  volume={19},
  number={10},
  pages={555},
  year={2017},
  publisher={Multidisciplinary Digital Publishing Institute}
}

@article{gelman2012we,
  title={Why we (usually) don't have to worry about multiple comparisons},
  author={Gelman, Andrew and Hill, Jennifer and Yajima, Masanao},
  journal={Journal of Research on Educational Effectiveness},
  volume={5},
  number={2},
  pages={189--211},
  year={2012},
  publisher={Taylor \& Francis}
}

@book{mcelreath2020statistical,
  title={{Statistical rethinking: A Bayesian course with examples in R and Stan}},
  author={McElreath, Richard},
  year={2018},
  publisher={Chapman and Hall/CRC}
}

@article{makowski2019bayestestr,
  title={{bayestestR: Describing} effects and their uncertainty, existence and significance within the {Bayesian} framework},
  author={Makowski, Dominique and Ben-Shachar, Mattan S and Ludecke, Daniel},
  journal={Journal of Open Source Software},
  volume={4},
  number={40},
  pages={1541},
  year={2019}
}

@article{daly1991confidence,
  title={Confidence intervals and sample sizes: don't throw out all your old sample size tables.},
  author={Daly, Leslie E},
  journal={BMJ: British Medical Journal},
  volume={302},
  number={6772},
  pages={333},
  year={1991},
  publisher={BMJ Publishing Group}
}

@article{baker2021modifying,
  title={Modifying {Bradley--Terry} and other ranking models to allow ties},
  author={Baker, Rose and Scarf, Philip},
  journal={IMA Journal of Management Mathematics},
  volume={32},
  number={4},
  pages={451--463},
  year={2021},
  publisher={Oxford University Press}
}

@article{kruschke2013bayesian,
  title={Bayesian estimation supersedes the t test.},
  author={Kruschke, John K},
  journal={Journal of Experimental Psychology: General},
  volume={142},
  number={2},
  pages={573},
  year={2013},
  publisher={American Psychological Association}
}

@InCollection{sep-social-choice,
	author       =	{List, Christian},
	title        =	{{Social Choice Theory}},
	booktitle    =	{The {Stanford} Encyclopedia of Philosophy},
	editor       =	{Edward N. Zalta},
	howpublished =	{\url{https://plato.stanford.edu/archives/spr2022/entries/social-choice/}},
	year         =	{2022},
	edition      =	{{S}pring 2022},
	publisher    =	{Metaphysics Research Lab, Stanford University}
}

@article{gelman2014understanding,
  title={Understanding predictive information criteria for {Bayesian} models},
  author={Gelman, Andrew and Hwang, Jessica and Vehtari, Aki},
  journal={Statistics and Computing},
  volume={24},
  number={6},
  pages={997--1016},
  year={2014},
  publisher={Springer}
}

@book{cohen1988statistical,
  title={Statistical power analysis for the behavioral sciences},
  author={Cohen, Jacob},
  year={1988},
  publisher={Lawrence Erlbaum Associates}
}

@Manual{pwrR,
    title = {pwr: Basic Functions for Power Analysis},
    author = {Stephane Champely},
    year = {2020},
    note = {R package version 1.3-0},
    url = {https://CRAN.R-project.org/package=pwr},
  }
  
@article{faul2007g,
  title={{G* Power}: A flexible statistical power analysis program for the social, behavioral, and biomedical sciences},
  author={Faul, Franz and Erdfelder, Edgar and Lang, Albert-Georg and Buchner, Axel},
  journal={Behavior Research Methods},
  volume={39},
  number={2},
  pages={175--191},
  year={2007},
  publisher={Springer}
}

@article{hunter2004mm,
  title={{MM} algorithms for generalized {Bradley-Terry} models},
  author={Hunter, David R},
  journal={The Annals of Statistics},
  volume={32},
  number={1},
  pages={384--406},
  year={2004},
  publisher={Institute of Mathematical Statistics}
}

@article{caron2012efficient,
  title={Efficient {Bayesian} inference for generalized {Bradley--Terry} models},
  author={Caron, Francois and Doucet, Arnaud},
  journal={Journal of Computational and Graphical Statistics},
  volume={21},
  number={1},
  pages={174--196},
  year={2012},
  publisher={Taylor \& Francis}
}

@misc{butler2004,
  doi = {10.48550/ARXIV.MATH/0412232},
  url = {https://arxiv.org/abs/math/0412232},
  author = {Butler, Kenneth and Whelan, John T.},  
  title = {The existence of maximum likelihood estimates in the {Bradley-Terry} model and its extensions},
  publisher = {arXiv},
  year = {2004},
}

@misc{li2021,
  doi = {10.48550/ARXIV.2110.10825},
  url = {https://arxiv.org/abs/2110.10825},
  author = {Li, Wanshan and Shrotriya, Shamindra and Rinaldo, Alessandro},
  title = {The Performance of the {MLE} in the {Bradley-Terry-Luce} Model in $\ell_{\infty}$-loss and under general graph topologies},
  publisher = {arXiv},
  year = {2021},
}

@misc{btstan,
  author = {Bob Carpenter},
  title = {The {Bradley-Terry} Model of Ranking via Paired Comparisons},
  url = {https://github.com/stan-dev/example-models/tree/master/knitr/bradley-terry},
  year = {2018},
  }

@article{issa2021bayesian,
  title={Bayesian paired comparison with the bpcs package},
  author={Issa Mattos, David and Martins Silva Ramos, Erika},
  journal={Behavior Research Methods},
  pages={1--21},
  year={2021},
  publisher={Springer}
}

@article{vehtari2017practical,
  title={Practical {Bayesian} model evaluation using leave-one-out cross-validation and {WAIC}},
  author={Vehtari, Aki and Gelman, Andrew and Gabry, Jonah},
  journal={Statistics and Computing},
  volume={27},
  number={5},
  pages={1413--1432},
  year={2017},
  publisher={Springer}
}

@article{watanabe2010asymptotic,
  title={Asymptotic equivalence of {Bayes} cross validation and widely applicable information criterion in singular learning theory.},
  author={Watanabe, Sumio and Opper, Manfred},
  journal={Journal of Machine Learning Research},
  volume={11},
  number={12},
  year={2010}
}

@inproceedings{riquelme2015performance,
  title={Performance metrics in multi-objective optimization},
  author={Riquelme, Nery and Von Lucken, Christian and Baran, Benjamin},
  booktitle={2015 Latin American computing conference (CLEI)},
  pages={1--11},
  year={2015},
  organization={IEEE}
}

@misc{Celikyilmaz20,
  doi = {10.48550/ARXIV.2006.14799},
  url = {https://arxiv.org/abs/2006.14799},
  author = {Celikyilmaz, Asli and Clark, Elizabeth and Gao, Jianfeng},
  title = {Evaluation of Text Generation: A Survey},
  year = {2020},
}

@book{kruschke2014doing,
  title={{Doing Bayesian data analysis: A tutorial with R, JAGS, and Stan}},
  author={Kruschke, John},
  year={2014},
  publisher={Academic Press}
}

@misc{stan229,
title = {Stan Modeling Language Users Guide and Reference Manual, Version 2.29},
year = {2022},
author = {{Stan Development Team}},
url = {https://mc-stan.org}
}

@Misc{cosma,
  author =    {Cosma Shalizi},
  title =     {Any P-Value Distinguishable from Zero is Insufficiently Informative},
  howpublished = {http://bactra.org/weblog/1111.html},
  month =     {May},
  year =      2015}

@article{wainberg2016random,
  title={Are random forests truly the best classifiers?},
  author={Wainberg, Michael and Alipanahi, Babak and Frey, Brendan J},
  journal={Journal of Machine Learning Research},
  volume={17},
  number={1},
  pages={3837--3841},
  year={2016},
  publisher={JMLR. org}
}

@Misc{padj,
  author =    {{R core}},
  title =     {p.adjust: Adjust P-values for Multiple Comparisons (version 3.6.2)},
  howpublished = {https://www.rdocumentation.org/packages/stats/versions/3.6.2/topics/p.adjust},
  year =      2022}

@article{kruschke2015bayesian,
  title={The {Bayesian} new statistics: Two historical trends converge},
  author={Kruschke, John K and Liddell, Torrin M},
  journal={SSRN Electronic Journal},
  volume={2606016},
  year={2015}
}

@Book{eqvtest,
  author =    {Stefan Wellek},
  title =        {Testing Statistical Hypotheses of Equivalence and Noninferiority},
  publisher =    {Chapman and Hall/CRC},
  year =         {2010},
  edition =   {2nd},
}


@book{langville2012s,
  title={Who's\# 1?: The Science of Rating and Ranking},
  author={Langville, Amy N and Meyer, Carl D},
  year={2012},
  publisher={Princeton University Press}
}

@book{alvo2014statistical,
  title={Statistical methods for ranking data},
  author={Alvo, Mayer and Philip, LH},
  year={2014},
  publisher={Springer}
}

@article{lopez2013insight,
  title={An insight into classification with imbalanced data: Empirical results and current trends on using data intrinsic characteristics},
  author={L{\'o}pez, Victoria and Fern{\'a}ndez, Alberto and Garc{\'\i}a, Salvador and Palade, Vasile and Herrera, Francisco},
  journal={Information Sciences},
  volume={250},
  pages={113--141},
  year={2013},
  publisher={Elsevier}
}